@book{Spirtes1993,
  title = {Causation,  Prediction,  and Search},
  ISBN = {9781461227489},
  ISSN = {0930-0325},
  url = {http://dx.doi.org/10.1007/978-1-4612-2748-9},
  DOI = {10.1007/978-1-4612-2748-9},
  journal = {Lecture Notes in Statistics},
  publisher = {Springer New York},
  author = {Spirtes,  Peter and Glymour,  Clark and Scheines,  Richard},
  year = {1993}
}

@article{Ankan2023,
  title = {A Simple Unified Approach to Testing High-Dimensional Conditional Independences for Categorical and Ordinal Data},
  volume = {37},
  ISSN = {2159-5399},
  url = {http://dx.doi.org/10.1609/aaai.v37i10.26436},
  DOI = {10.1609/aaai.v37i10.26436},
  number = {10},
  journal = {Proceedings of the AAAI Conference on Artificial Intelligence},
  publisher = {Association for the Advancement of Artificial Intelligence (AAAI)},
  author = {Ankan,  Ankur and Textor,  Johannes},
  year = {2023},
  month = jun,
  pages = {12180â€“12188}
}
